@article{alfano2020,
  author  = {Alfano, Marco and Lenziti, Biagio and Lo Bosco, Giosuè and Muriana, Cinzia and Piazza, Tommaso and Vizzini, Giovanni},
  year    = {2020},
  month   = {03},
  pages   = {104109},
  title   = {Design, Development and Validation of a System for Automatic Help to Medical Text Understanding},
  volume  = {138},
  journal = {International Journal of Medical Informatics},
  doi     = {10.1016/j.ijmedinf.2020.104109}
}
@inproceedings{alsheref2020,
  title        = {Medical Text Annotation Tool based on IBM Watson Platform},
  author       = {Alsheref, Fahad Kamal and Fattoh, Ibrahim Eldesouky},
  booktitle    = {2020 6th International Conference on Advanced Computing and Communication Systems (ICACCS)},
  pages        = {1312--1316},
  year         = {2020},
  organization = {IEEE}
}

@article{alva2020,
  title   = {Data-driven sentence simplification survey and benchmark},
  author  = {Alva-Manchego, F. and Scarton, C. and Specia, L.},
  year    = {2020},
  journal = {Computational Linguistics},
  volume  = {46},
  number  = {1},
  pages   = {135-187}
}

@inproceedings{azab2013,
  title     = {An NLP-based reading tool for aiding non-native English readers},
  author    = {Azab, Mahmoud and Salama, Ahmed and Oflazer, Kemal and Shima, Hideki and Araki, Jun and Mitamura, Teruko},
  booktitle = {Proceedings of the International Conference Recent Advances in Natural Language Processing RANLP 2013},
  pages     = {41--48},
  year      = {2013}
}

@article{bojanowski2016,
  author        = {Piotr Bojanowski and Edouard Grave and Armand Joulin and Tomas Mikolov},
  title         = {Enriching Word Vectors with Subword Information},
  journal       = {CoRR},
  volume        = {abs/1607.04606},
  year          = {2016},
  url           = {http://arxiv.org/abs/1607.04606},
  archiveprefix = {arXiv},
  eprint        = {1607.04606},
  timestamp     = {Mon, 13 Aug 2018 16:46:11 +0200},
  biburl        = {https://dblp.org/rec/journals/corr/BojanowskiGJM16.bib},
  bibsource     = {dblp computer science bibliography, https://dblp.org}
}

@inproceedings{daiber2013,
  title     = {Improving Efficiency and Accuracy in Multilingual Entity Extraction},
  author    = {Joachim Daiber and Max Jakob and Chris Hokamp and Pablo N. Mendes},
  year      = {2013},
  booktitle = {Proceedings of the 9th International Conference on Semantic Systems (I-Semantics)}
}

@article{delpeuch2019,
  author        = {Antonin Delpeuch},
  title         = {OpenTapioca: Lightweight Entity Linking for Wikidata},
  journal       = {CoRR},
  volume        = {abs/1904.09131},
  year          = {2019},
  url           = {http://arxiv.org/abs/1904.09131},
  archiveprefix = {arXiv},
  eprint        = {1904.09131},
  timestamp     = {Fri, 26 Apr 2019 13:18:53 +0200},
  biburl        = {https://dblp.org/rec/journals/corr/abs-1904-09131.bib},
  bibsource     = {dblp computer science bibliography, https://dblp.org}
}

@inproceedings{eom2012,
  author = {Eom, Soojeong and Dickinson, Markus and Sachs, Rebecca},
  year   = {2012},
  month  = {06},
  pages  = {316-325},
  title  = {Sense-specific lexical information for reading assistance}
}

@article{gu2018,
  author  = {Gu, Yang and Leroy, Gondy and Kauchak, David},
  year    = {2018},
  month   = {04},
  pages   = {810-819},
  title   = {When synonyms are not enough: Optimal parenthetical insertion for text simplification},
  volume  = {2017},
  journal = {Annual Symposium proceedings. AMIA Symposium}
}

@inproceedings{ma2019,
  title        = {An Entity Linking Method Based on Entity Category and Word Embedding},
  author       = {Ma, HaiBo and Li, Yue and Li, Yang},
  booktitle    = {Journal of Physics: Conference Series},
  volume       = {1284},
  number       = {1},
  pages        = {012028},
  year         = {2019},
  organization = {IOP Publishing}
}
@inproceedings{nisioi2017,
  title     = {Exploring neural text simplification models},
  author    = {Nisioi, Sergiu and {\v{S}}tajner, Sanja and Ponzetto, Simone Paolo and Dinu, Liviu P},
  booktitle = {Proceedings of the 55th Annual Meeting of the Association for Computational Linguistics (Volume 2: Short Papers)},
  pages     = {85--91},
  year      = {2017}
}


@article{poots2018,
  author  = {Poots, J. and Bagheri, Ebrahim},
  year    = {2018},
  month   = {02},
  pages   = {36-44},
  title   = {Automatic Annotation of Text with Pictures},
  volume  = {20},
  journal = {IT Professional},
  doi     = {10.1109/MITP.2018.011291354}
}


@article{qenam2017,
  author  = {Qenam, Basel and Kim, Tae and Carroll, Mark and Hogarth, Michael},
  year    = {2017},
  month   = {12},
  pages   = {e417},
  title   = {Text Simplification Using Consumer Health Vocabulary to Generate Patient-Centered Radiology Reporting: Translation and Evaluation},
  volume  = {19},
  journal = {Journal of Medical Internet Research},
  doi     = {10.2196/jmir.8536}
}

@incollection{rao2013,
  title     = {Entity linking: Finding extracted entities in a knowledge base},
  author    = {Rao, Delip and McNamee, Paul and Dredze, Mark},
  booktitle = {Multi-source, multilingual information extraction and summarization},
  pages     = {93--115},
  year      = {2013},
  publisher = {Springer}
}

@article{shardlow2014,
  title     = {A Survey of Automated Text Simplification},
  journal   = {International Journal of Advanced Computer Science and Applications(IJACSA), Special Issue on Natural Language Processing 2014},
  year      = {2014},
  publisher = {The Science and Information Organization},
  volume    = {4},
  number    = {1},
  author    = {Matthew Shardlow}
}

@article{shen2015,
  author  = {Shen, Wei and Wang, Jianyong and Han, Jiawei},
  year    = {2015},
  month   = {02},
  pages   = {443-460},
  title   = {Entity Linking with a Knowledge Base: Issues, Techniques, and Solutions},
  volume  = {27},
  journal = {Knowledge and Data Engineering, IEEE Transactions on},
  doi     = {10.1109/TKDE.2014.2327028}
}

@inproceedings{vanhulst2020,
  author    = {van Hulst, Johannes M. and Hasibi, Faegheh and Dercksen, Koen and Balog, Krisztian and de Vries, Arjen P.},
  title     = {REL: An Entity Linker Standing on the Shoulders of Giants},
  booktitle = {Proceedings of the 43rd International ACM SIGIR Conference on Research and Development in Information Retrieval},
  series    = {SIGIR '20},
  year      = {2020},
  publisher = {ACM}
}

@article{watanabe2010,
  author    = { W. M.   Watanabe  and  A.   Candido   Jr.  and  M. A.   Amâncio  and  M.   De Oliveira  and  T. A. S.   Pardo  and  R. P. M.   Fortes  and  S. M.   Aluísio },
  title     = {Adapting Web content for low-literacy readers by using lexical elaboration and named entities labeling},
  journal   = {New Review of Hypermedia and Multimedia},
  volume    = {16},
  number    = {3},
  pages     = {303-327},
  year      = {2010},
  publisher = {Taylor & Francis},
  doi       = {10.1080/13614568.2010.542620},
  url       = {https://doi.org/10.1080/13614568.2010.542620}
}
